@book{staar,
   author={Staar, Gy.},
   title={A megélt matematika - beszélgetések},
   publisher={Gondolat Kiadó},
   year={1990}
}

@book{neumann,
   author = {Neumann, János},
   title={A kvantummechanika matematikai alapjai},
   publisher={Akadémiai Kiadó},
   year={1980}
}

@article{morgenstern,
   author={Morgenstern, O.    von Neuman, J. },
   year={1944},
   title={THeory of Games and Economic Behaviour},
   Journal={University Press Princeton}
}

@unpublished{lovasz,
  author = {Lovasz, L.},
  title = {Algoritmusok bonyolultsága},
  year = {2014},
  note = {University paper}
}

@book{neumannj,
   author = {Neumann, J.},
   title={Zur Theorie der Gesellschaftspiele},
   publisher={Mathematische Annalen, 100},
   year={1928}
}

@article{koczy,
   author={Kóczy, Á. L. },
   title={A Neumann-féle játékelmélet},
   year={2006},
   Journal={Közgazdasági Szemple, LIII. évf.}
}


@book{mero,
   author = {Mérő, L.},
   title={Mindenki másképp egyforma},
   publisher={Tericum Kiadó},
   year={2007}
}


@book{dawkins,
   author = {Dawkins, R.},
   title={Az önző gén},
   publisher={Gondolat Kiadó},
   year={1986}
}
